<bibtex>


@ARTICLE{MPC_status,
AUTHOR     =  {Yu-Geng Xi, De-Wei Li, Shu Lin},
TITLE      =  {Model Predictive Control - Status and Challenges},
PUBLISHER  =  {},
YEAR       =  {March, 2013},
Volume     = {39},
Number     = {3},
Pages       = {222-236},
}

@BOOK{Rawlings&Mayne,
AUTHOR     =  {Rawlings, J., Mayne, D.}, 
TITLE      =  {Model Predictive Control: Theory, Computation, and Design},
PUBLISHER  =  {Nob Hill Publishing},
YEAR       =  {2009},
}

@BOOK{topology,
AUTHOR     =  {Sutherland, W. A.},
TITLE      =  {Introduction to Metric and Topological Spaces},
PUBLISHER  =  {Clarendon Press},
YEAR       =  {1975},
}

@ARTICLE{Kolmanovsky&Gilbert,
AUTHOR     =  {Kolmanovsky, I., Gilbert, E.}, 
TITLE      =  {Theory and Computation of Disturbance Invariant Sets for Discrete-Time Linear Systems},
JOURNAL    =  {Mathematical Problems in Engineering},
Volume     =  {4},
PUBLISHER  =  {Ovearseas Publishers Association N. V.},
YEAR       =  {1998},
Pages      = {317-367}
}

@ARTICLE{const_mpc_stable,
AUTHOR     =  {Rawlings, J., Mayne, D., Rao, C., Scokaert, P.},
TITLE      =  {Constrained model predictive control: Stability and optimality},
JOURNAL    =  {Automatica},
Volume     =  {36},
PUBLISHER  =  {Elsevier Ltd},
YEAR       =  {2000},
Pages      = {789-814}
}


@ARTICLE{MPC_robust_stability,
AUTHOR     =  {Mayne, D.},
TITLE      =  {Robust and stochastic model predictive control: Are we going in the right direction?},
PUBLISHER  =  {Elsevier Ltd},
YEAR       =  {2016},
Volume     =  {41},
Pages      =  {184-192},
}
@ARTICLE{Rob_pos_inv_sets,
AUTHOR     =  {Rakovi\´{c}, S., Kerrigan, E., Kouramas, K., Mayne, D.},
TITLE      =  {Invariant approximations of the minimal robustly positively invariant sets},
PUBLISHER  =  {},
YEAR       =  {2005},
Volume     =  {50},
Pages      =  {},
JOURNAL    =  {IEEE Transactions on Automatic Control}
}


@BOOK{SetTheory,
AUTHOR     =  {Blanchini, F., Miani, S.}, 
TITLE      =  {Set-Theoretic Methods in Control},
PUBLISHER  =  {Birkhauser},
YEAR       =  {2008},
}


@inproceedings{Singh2016TubeBasedM,
  title={Tube-Based MPC : a Contraction Theory Approach},
  author={Sumeet Singh and Marco Pavone and Jean-Jacques E. Slotine},
  year={2016}
}

@incollection{bemporad1999robust,
  title={Robust model predictive control: A survey},
  author={Bemporad, Alberto and Morari, Manfred},
  booktitle={Robustness in identification and control},
  pages={207-226},
  year={1999},
  publisher={Springer}
}

@INPROCEEDINGS{min-max-MPC, 
author={Dong Jia and B. Krogh}, 
title={Min-max feedback model predictive control for distributed control with communication}, 
year={2002}, 
volume={6}, 
number={}, 
pages={4507-4512}, 
}

@INPROCEEDINGS{mpc-constr-tight, 
author={A. Richards and J. How}, 
booktitle={2006 American Control Conference}, 
title={Robust Stable Model Predictive Control with Constraint Tightening}, 
year={2006}, 
volume={}, 
number={}, 
ISSN={0743-1619}, 
month={June},}

@article{CHEN19981205,
title = "A Quasi-Infinite Horizon Nonlinear Model Predictive Control Scheme with Guaranteed Stability",
journal = "Automatica",
volume = "34",
number = "10",
pages = "1205-1217",
year = "1998",
issn = "0005-1098",
doi = "https://doi.org/10.1016/S0005-1098(98)00073-9",
author = "Chen. H, Allgöwer, F.",
}

@article{MAYNE2000789,
title = "Constrained Model Predictive Control: Stability and Optimality",
journal = "Automatica",
volume = "36",
number = "6",
pages = "789-814",
year = "2000",
issn = "0005-1098",
doi = "https://doi.org/10.1016/S0005-1098(99)00214-9",
author = "D.Q. Mayne and J.B. Rawlings and C.V. Rao and P.O.M. Scokaert",
}

@INPROCEEDINGS{optreg,
title = {Introduction to Model Predictive Control},
booktitle={Lecture Notes for {TTK4135}},
author={Professor Lars Imsland},
year={2007}
}

@INPROCEEDINGS{tk8115,
title = {Lecture Slides from {TK8115} Numerical Optimal Control},
booktitle={Intesive Week with Sa\v{s}a Rakovi\'{c}},
author={Rakovi\'{c}, S.},
year={2018}
}

@inproceedings{Rakovic2005AST,
  title={A Simple Tube Controller for Efficient Robust Model Predictive Control of Constrained Linear Discrete Time Systems Subject to Bounded Disturbances ⋆},
  author={Sasa V. Rakovic and David Q. Mayne},
  year={2005}
}
</bibtex>


@inproceedings{osqp-codegen,
	author = {Banjac, G. and Stellato, B. and Moehle, N. and Goulart, P. and Bemporad, A. and Boyd, S.},
	title = {Embedded code generation using the {OSQP} solver},
	booktitle = {{IEEE} Conference on Decision and Control ({CDC})},
	year = {2017},
	month = dec,
	doi = {10.1109/CDC.2017.8263928},
	url = {https://doi.org/10.1109/CDC.2017.8263928},
}

@article{osqp,
	author = {Stellato, B. and Banjac, G. and Goulart, P. and Bemporad, A. and Boyd, S.},
	title = {{OSQP}: An Operator Splitting Solver for Quadratic Programs},
	journal = {ArXiv e-prints},
	year = {2017},
	month = nov,
	adsnote = {Provided by the SAO/NASA Astrophysics Data System},
	adsurl = {http://adsabs.harvard.edu/abs/2017arXiv171108013S},
	archiveprefix = {arXiv},
	eprint = {1711.08013},
	keywords = {Mathematics - Optimization and Control},
	primaryclass = {math.OC},
}

@misc{quarc-s-function,
    author = {Quanser},
    title = {Can {I} use {S}-functions with {QUARC}?},
    year = {2017},
    url  = {https://www.quanser.com/faq/can-i-use-s-functions-with-quarc/},
}

@article{giorgio,
	author = {Kufoalor, Giorgio D. Kwame Minde},
	title = {High-performance Industrial Embedded Model Predictive Control: Efficient implementation of step response models and fast solvers},
	year = {2016},
	isbn = {ISBN 978-82-326-1652-7}
}

@article{merging_opt_control,
	author = {Foss, B. and Heirung, T. A. N.},
	title = {Merging Optimization and Control},
	year = {2016},
	isbn = {ISBN 978-82-7842-200-7}
}
@InProceedings {MPT3,
    author={M. Herceg and M. Kvasnica and C.N. Jones and M. Morari},
    title={{Multi-Parametric Toolbox 3.0}},
    booktitle={Proc.~of the European Control Conference},
    year={2013},
    address={Z\"urich, Switzerland},
    month={July 17--19},
    pages = {502--510},
    note = {\url{http://control.ee.ethz.ch/~mpt}}
}

@article{prosjekt_oppgave,
    author={Heidi-Irene Harvey Sollie},
    title={Tube-Based Methods for Robust Linear MPC},
    year={2018},
}    



@ARTICLE{admm_param, 
author={E. {Ghadimi} and A. {Teixeira} and I. {Shames} and M. {Johansson}}, 
journal={IEEE Transactions on Automatic Control}, 
title={Optimal Parameter Selection for the Alternating Direction Method of Multipliers (ADMM): Quadratic Problems}, 
year={2015}, 
volume={60}, 
number={3}, 
pages={644-658}, 
keywords={minimisation;quadratic programming;optimal parameter selection;alternating direction method of multipliers;ADMM;quadratic problems;large-scale structured optimization;convergence properties;convergence factor;ℓ2-regularized minimization;quadratic programming;Convergence;Quadratic programming;Eigenvalues and eigenfunctions;Estimation;Tin;Vectors;ADMM;convergence rate;optimal step-size;optimization algorithm}, 
doi={10.1109/TAC.2014.2354892}, 
ISSN={0018-9286}, 
month={March},}


@article{brentari_2018,
title = {Benchmark model of Quanser’s 3 DOF Helicopter},
author = {Brentari, M.; Bosetti, P.; Queinnec, I.; Zaccarian, L.},
year = {2018},
institution = {University of Trento, Italy; Universite de Toulouse, CNRS, France},
language = {English}
}

@misc{quanser_heli,
  title = {{3 DOF Helicopter}},
  year = {2019},
  author = {Quanser}, 
  howpublished = {\url{https://www.quanser.com/products/3-dof-helicopter/}} ,
  note = {Accessed: 2019-06-01}
}

@conference{veeraboina_2018,
title = {Design and Implementation of Linear/Nonlinear Control Methods on 3-DOF Helicopter},
author = {Veeraboina, A.K.; Ordonez, R.},
booktitle = {IEEE National Aerospace and Electronics Conference (NAECON) 2018},
year = {2018},
institution = {University of Dayton, OH, USA},
keywords = {3DoF Laboratory Helicopter, Nonlinear Controller, Modeling, Micro-Controller},
language = {English}
}

@conference{arican_2018,
title = {Linear and nonlinear optimal controller design for a 3 DOF helicopter},
author = {Arican, A.C.; Ozcan, S.; Kocagil, B.M.; Guzey, U.M.; Copur, E.H.; Salamci, M.U.},
booktitle = { 2018 19th International Carpathian Control Conference (ICCC)},
year = {2018},
institution = {Gazi University, Turkey; Turkish Aerospace Industries, Turkey; Necmettin Erbakan University, Turkey},
language = {English},
publisher = {IEEE},
isbn = {978-1-5386-4763-9 }
}


@article{kocagil_2017,
title = {Controller Designs for Nonlinear Systems with Application to 3 DOF Helicopter Model},
author = {Kocagil, B.M.; Ancan, A.C.; Guzey, U.M.; Ozcan, S.; Salamci, M.U.},
journal = {Gazi University Journal of Science, Part A: Engineering and Innovation},
year = {2017},
volume = {4},
number = {3},
institution = {Gazi University, Turkey},
keywords = {Nonlinear Systems, Controller Design, State Dependent Riccati Equations, Sliding Mode Control, Model Reference Adaptive Control },
language = {English},
publisher = {DergiPark Akademik},
pages = {47-66}
}

@conference{jafri_2017,
title = {Development of Fuzzy Logic Controller for Quanser Bench-Top Helicopter},
author = {Jafri, M. H.; Mansor, H.; Gunawan, T. S. },
booktitle = {IOP Conference Series: Materials Science and Engineering},
year = {2017},
volume = {260},
number = {1},
institution = {International Islamic University Malaysia, Malaysia},
keywords = {fuzzy logic; controller; bench-top helicopter; Quanser},
language = {English},
publisher = {IOP Publishing}
}


@INPROCEEDINGS{embedded_optimization, 
author={E. C. {Kerrigan} and B. {Khusainov} and G. A. {Constantinides}}, 
booktitle={2016 European Control Conference (ECC)}, 
title={What is different about embedded optimization?}, 
year={2016}, 
volume={}, 
number={}, 
pages={600-600}, 
doi={10.1109/ECC.2016.7810350}, 
ISSN={}, 
month={June},
}

@article{embedded_optimization_control,
    author={H. J. Ferreau, S. Almer, R. Verschueren, M. Diehl, D. Frick, A. Domahidi, J. L. Jerez, G. Stathopoulos, C. Jones},
    title={Embedded Optimization Methods for Industrial Automatic Control},
    year={2017},
    month={july},
    JOURNAL    =  {20th IFAC World Congress},
    Volume     =  {50},
    PUBLISHER  =  {Elsevier Ltd},
    Pages      = {13194-13209},
}    

@MISC{user_manual_q8_board,
author={Quanser},
title={User Manual Q8-USB Data Acquisition Device},
year ={2012},
}

@article{mpc_early,
author = {Richalet, Jacques and Abu El Ata-Doss, S and Arber, C and Kuntze, H.B. and Jacubasch, A and Schill, W},
year = {1987},
month = {07},
pages = {251-258},
title = {Predictive Functional Control - Application to Fast and Accurate Robots},
volume = {20},
journal = {IFAC Proceedings Volumes},
doi = {10.1016/S1474-6670(17)55325-2}
}


@article{qin_badgwell,
author = {Qin, Joe and Badgwell, Thomas},
year = {2003},
month = {07},
pages = {733-764},
title = {A Survey of Industrial Model Predictive Control Technology},
volume = {11},
journal = {Control engineering practice},
doi = {10.1016/S0967-0661(02)00186-7}
}

@Article{Englert2019,
author="Englert, Tobias
and V{\"o}lz, Andreas
and Mesmer, Felix
and Rhein, S{\"o}nke
and Graichen, Knut",
title="A software framework for embedded nonlinear model predictive control using a gradient-based augmented Lagrangian approach (GRAMPC)",
journal="Optimization and Engineering",
year="2019",
month="Jan",
day="18",
issn="1573-2924",
doi="10.1007/s11081-018-9417-2",
url="https://doi.org/10.1007/s11081-018-9417-2"
}


@article{yang_2019,
title = {Attitude Synchronization for Multiple 3-DOF Helicopters with Actuator Faults},
author = {Yang, H.; Jiang, B.; Liu, H.H.T.; Yang, H.; Zhang, Q.},
journal = {IEEE/ASME Transactions on Mechatronics},
year = {2019},
institution = {Nanjing University of Aeronautics and Astronautics, China; Institute for Aerospace Studies, University of Toronto, Canada},
issn = {1083-4435},
keywords = {Fault tolerant control, cooperative control, three degree-of-freedom helicopter, adaptive control, robust control},
language = {English},
publisher = {IEEE}
}


@ARTICLE{const_mpc_stable,
AUTHOR     =  {Rawlings, J., Mayne, D., Rao, C., Scokaert, P.},
TITLE      =  {Constrained model predictive control: Stability and optimality},
JOURNAL    =  {Automatica},
Volume     =  {36},
PUBLISHER  =  {Elsevier Ltd},
YEAR       =  {2000},
Pages      = {789-814}
}

@article{Zhai2010,
title = {Model Predictive Control of a 3-DOF Helicopter System Using Successive Linearization},
author = {Zhai, Y. and M. Nounou and H. Nounou and Y. Al-Hamidi},
journal = {International Journal of Engineering, Science and Technology},
year = {2010},
volume = {2},
number = {10},
keywords = {nonlinear systems, helicopter dynamics, MIMO systems, model predictive control, successive linearization},
pages = {9--19}
}

@inproceedings{Tondel2002,
title = {Complexity Reduction In Explicit Linear Model Predictive Control},
author = {Tondel, Petter and Tor A. Johansen},
booktitle = {Proc. of 15-th IFAC World Congress},
year = {2002},
institution = {Department of Engineering Cybernetics, Norwegian University of Scienceand Technology, 7491 Trondheim, Norway},
annotation = {Tor.Arne.Johansen@itk.ntnu.no},
keywords = {linear systems,predictive control,search methods,piecewise linear controllers,optimal control},
pages = {598-598}
}

@article{ju_2014,
title = {Explicit Model Predictive Control of 3-DOF helicopter},
author = {Ju, Zhang; Xinyan, Cheng},
booktitle = {The 26th Chinese Control and Decision Conference (2014 CCDC)},
year = {2014},
keywords = {explicit model predictive control, numerical simulation, semi-physical simulation},
publisher = {IEEE},
isbn = {978-1-4799-3707-3},
pages = {3083 - 3088}
}

@incollection{Zhai2013,
title = {Robust Observer Based Model Predictive Control of a 3-DOF Helicopter System},
author = {Zhai, Yujia},
booktitle = {Future Information Communication Technology and Applications},
journal = {Future Information Communication Technology and Applications},
year = {2013},
volume = {235},
institution = {Department of Electrical and Electronic Engineering, Xi'an Jiaotong-LiverpoolUniversity, Suzhou, People?s Republic of China},
annotation = {Yujia.zhai@xjtlu.edu.cn},
language = {English},
editor = {Jung, Hoe-Kyung and Kim, Jung Tae and Sahama, Tony and Yang, Chung-Huang},
series = {Lecture Notes in Electrical Engineering},
publisher = {Springer Netherlands},
isbn = {978-94-007-6515-3},
pages = {89-100},
chapter = {11}
}

@article{cheng_2016,
title = {Control of a laboratory 3-DOF helicopter: Explicit model predictive approach},
author = {Zhang, Ju; Cheng, Zinyan; Zhu, Jiaqi},
journal = {International Journal of Control, Automation and Systems},
year = {2016},
volume = {14},
number = {2},
issn = {1598-6446},
keywords = {Explicit model predictive control, hardware in the loop, regulation, tracking, 3-DOF helicopter},
language = {English},
publisher = {Springer International Publishing},
pages = {389-399}
}